@book{exemplodelivro,
    author = "Exemplo de Autor",
    title = "Exemplo de Livro",
    year = "2020",
    publisher = "Editora",
    address = "Joinville",
    pages = "210"
}

@article{exemplodeartigo,
    author = "João da Silva and Maria das Dores",
    title = "Exemplo de Artigo",
    journal = "Exemplo de Journal",
    volume = "5",
    number = "1",
    year = "2020",
    month = jan,
    pages = "40--55",
    publisher = "ACM",
    address = "New York, NY, USA"
}

@inproceedings{exemplodeproceedings,
    author = "João da Silva and Maria das Dores and Antônio Santos and Fulano da Silva",
    title = "Exemplo de Proceedings",
    booktitle = "Proceedings da Conferência Tal",
    year = "2020",
    month = dec,
    pages = "312--320",
    publisher = "ACM",
    address = "New York, NY, USA"
}
